%YAML 1.1
%TAG !u! tag:unity3d.com,2011:
--- !u!1 &7933663881520558401
GameObject:
  m_ObjectHideFlags: 0
  m_CorrespondingSourceObject: {fileID: 0}
  m_PrefabInstance: {fileID: 0}
  m_PrefabAsset: {fileID: 0}
  serializedVersion: 6
  m_Component:
  - component: {fileID: 5212971856431819801}
  - component: {fileID: 2669021592087671069}
  m_Layer: 0
  m_Name: enemyface
  m_TagString: Untagged
  m_Icon: {fileID: 0}
  m_NavMeshLayer: 0
  m_StaticEditorFlags: 0
  m_IsActive: 1
--- !u!4 &5212971856431819801
Transform:
  m_ObjectHideFlags: 0
  m_CorrespondingSourceObject: {fileID: 0}
  m_PrefabInstance: {fileID: 0}
  m_PrefabAsset: {fileID: 0}
  m_GameObject: {fileID: 7933663881520558401}
  m_LocalRotation: {x: -0, y: -0, z: -0.7071068, w: 0.7071068}
  m_LocalPosition: {x: 0.06002952, y: 0.14635463, z: 0.40586427}
  m_LocalScale: {x: 0.060961727, y: 0.02976702, z: 0.102045834}
  m_ConstrainProportionsScale: 0
  m_Children: []
  m_Father: {fileID: 2246351964124167510}
  m_RootOrder: 0
  m_LocalEulerAnglesHint: {x: 0, y: 0, z: 0}
--- !u!212 &2669021592087671069
SpriteRenderer:
  m_ObjectHideFlags: 0
  m_CorrespondingSourceObject: {fileID: 0}
  m_PrefabInstance: {fileID: 0}
  m_PrefabAsset: {fileID: 0}
  m_GameObject: {fileID: 7933663881520558401}
  m_Enabled: 1
  m_CastShadows: 0
  m_ReceiveShadows: 0
  m_DynamicOccludee: 1
  m_StaticShadowCaster: 0
  m_MotionVectors: 1
  m_LightProbeUsage: 1
  m_ReflectionProbeUsage: 1
  m_RayTracingMode: 0
  m_RayTraceProcedural: 0
  m_RenderingLayerMask: 1
  m_RendererPriority: 0
  m_Materials:
  - {fileID: 10754, guid: 0000000000000000f000000000000000, type: 0}
  m_StaticBatchInfo:
    firstSubMesh: 0
    subMeshCount: 0
  m_StaticBatchRoot: {fileID: 0}
  m_ProbeAnchor: {fileID: 0}
  m_LightProbeVolumeOverride: {fileID: 0}
  m_ScaleInLightmap: 1
  m_ReceiveGI: 1
  m_PreserveUVs: 0
  m_IgnoreNormalsForChartDetection: 0
  m_ImportantGI: 0
  m_StitchLightmapSeams: 1
  m_SelectedEditorRenderState: 0
  m_MinimumChartSize: 4
  m_AutoUVMaxDistance: 0.5
  m_AutoUVMaxAngle: 89
  m_LightmapParameters: {fileID: 0}
  m_SortingLayerID: 0
  m_SortingLayer: 0
  m_SortingOrder: 0
  m_Sprite: {fileID: 21300000, guid: 51bc911f5750ea54fa53e20d70cc03a8, type: 3}
  m_Color: {r: 1, g: 1, b: 1, a: 1}
  m_FlipX: 0
  m_FlipY: 0
  m_DrawMode: 0
  m_Size: {x: 3.95, y: 2.92}
  m_AdaptiveModeThreshold: 0.5
  m_SpriteTileMode: 0
  m_WasSpriteAssigned: 1
  m_MaskInteraction: 0
  m_SpriteSortPoint: 0
--- !u!1 &8036811597510679504
GameObject:
  m_ObjectHideFlags: 0
  m_CorrespondingSourceObject: {fileID: 0}
  m_PrefabInstance: {fileID: 0}
  m_PrefabAsset: {fileID: 0}
  serializedVersion: 6
  m_Component:
  - component: {fileID: 2246351964124167510}
  - component: {fileID: 4001938298783957036}
  - component: {fileID: 4012024786607525468}
  - component: {fileID: 2633891106766371943}
  - component: {fileID: 6767857813291330342}
  - component: {fileID: 3006353377312455064}
  - component: {fileID: 1319252325331832949}
  m_Layer: 0
  m_Name: Enemigo A (1)
  m_TagString: Enemy
  m_Icon: {fileID: 0}
  m_NavMeshLayer: 0
  m_StaticEditorFlags: 0
  m_IsActive: 1
--- !u!4 &2246351964124167510
Transform:
  m_ObjectHideFlags: 0
  m_CorrespondingSourceObject: {fileID: 0}
  m_PrefabInstance: {fileID: 0}
  m_PrefabAsset: {fileID: 0}
  m_GameObject: {fileID: 8036811597510679504}
  m_LocalRotation: {x: -0, y: -0, z: 0.7071068, w: 0.7071068}
  m_LocalPosition: {x: 1.417402, y: 2.143258, z: 1.1253128}
  m_LocalScale: {x: 4.197933, y: 2.0498102, z: 1.2245479}
  m_ConstrainProportionsScale: 0
  m_Children:
  - {fileID: 5212971856431819801}
  m_Father: {fileID: 0}
  m_RootOrder: 0
  m_LocalEulerAnglesHint: {x: 0, y: 0, z: 90}
--- !u!114 &4001938298783957036
MonoBehaviour:
  m_ObjectHideFlags: 0
  m_CorrespondingSourceObject: {fileID: 0}
  m_PrefabInstance: {fileID: 0}
  m_PrefabAsset: {fileID: 0}
  m_GameObject: {fileID: 8036811597510679504}
  m_Enabled: 1
  m_EditorHideFlags: 0
  m_Script: {fileID: 11500000, guid: 8233d90336aea43098adf6dbabd606a2, type: 3}
  m_Name: 
  m_EditorClassIdentifier: 
  m_MeshFormatVersion: 2
  m_Faces:
  - m_Indexes: 000000000100000002000000010000000300000002000000
    m_SmoothingGroup: 0
    m_Uv:
      m_UseWorldSpace: 0
      m_FlipU: 0
      m_FlipV: 0
      m_SwapUV: 0
      m_Fill: 1
      m_Scale: {x: 1, y: 1}
      m_Offset: {x: 0, y: 0}
      m_Rotation: 0
      m_Anchor: 9
    m_Material: {fileID: 0}
    m_SubmeshIndex: 0
    m_ManualUV: 0
    elementGroup: -1
    m_TextureGroup: -1
  - m_Indexes: 040000000500000006000000050000000700000006000000
    m_SmoothingGroup: 0
    m_Uv:
      m_UseWorldSpace: 0
      m_FlipU: 0
      m_FlipV: 0
      m_SwapUV: 0
      m_Fill: 1
      m_Scale: {x: 1, y: 1}
      m_Offset: {x: 0, y: 0}
      m_Rotation: 0
      m_Anchor: 9
    m_Material: {fileID: 0}
    m_SubmeshIndex: 0
    m_ManualUV: 0
    elementGroup: -1
    m_TextureGroup: -1
  - m_Indexes: 08000000090000000a000000090000000b0000000a000000
    m_SmoothingGroup: 0
    m_Uv:
      m_UseWorldSpace: 0
      m_FlipU: 0
      m_FlipV: 0
      m_SwapUV: 0
      m_Fill: 1
      m_Scale: {x: 1, y: 1}
      m_Offset: {x: 0, y: 0}
      m_Rotation: 0
      m_Anchor: 9
    m_Material: {fileID: 0}
    m_SubmeshIndex: 0
    m_ManualUV: 0
    elementGroup: -1
    m_TextureGroup: -1
  - m_Indexes: 0c0000000d0000000e0000000d0000000f0000000e000000
    m_SmoothingGroup: 0
    m_Uv:
      m_UseWorldSpace: 0
      m_FlipU: 0
      m_FlipV: 0
      m_SwapUV: 0
      m_Fill: 1
      m_Scale: {x: 1, y: 1}
      m_Offset: {x: 0, y: 0}
      m_Rotation: 0
      m_Anchor: 9
    m_Material: {fileID: 0}
    m_SubmeshIndex: 0
    m_ManualUV: 0
    elementGroup: -1
    m_TextureGroup: -1
  - m_Indexes: 100000001100000012000000110000001300000012000000
    m_SmoothingGroup: 0
    m_Uv:
      m_UseWorldSpace: 0
      m_FlipU: 0
      m_FlipV: 0
      m_SwapUV: 0
      m_Fill: 1
      m_Scale: {x: 1, y: 1}
      m_Offset: {x: 0, y: 0}
      m_Rotation: 0
      m_Anchor: 9
    m_Material: {fileID: 0}
    m_SubmeshIndex: 0
    m_ManualUV: 0
    elementGroup: -1
    m_TextureGroup: -1
  - m_Indexes: 140000001500000016000000150000001700000016000000
    m_SmoothingGroup: 0
    m_Uv:
      m_UseWorldSpace: 0
      m_FlipU: 0
      m_FlipV: 0
      m_SwapUV: 0
      m_Fill: 1
      m_Scale: {x: 1, y: 1}
      m_Offset: {x: 0, y: 0}
      m_Rotation: 0
      m_Anchor: 9
    m_Material: {fileID: 0}
    m_SubmeshIndex: 0
    m_ManualUV: 0
    elementGroup: -1
    m_TextureGroup: -1
  m_SharedVertices:
  - m_Vertices: 000000000d00000016000000
  - m_Vertices: 010000000400000017000000
  - m_Vertices: 020000000f00000010000000
  - m_Vertices: 030000000600000011000000
  - m_Vertices: 050000000800000015000000
  - m_Vertices: 070000000a00000013000000
  - m_Vertices: 090000000c00000014000000
  - m_Vertices: 0b0000000e00000012000000
  m_SharedTextures: []
  m_Positions:
  - {x: 0.0000009536743, y: 0.00000011920929, z: 0.4037161}
  - {x: 0.12769604, y: 0.00000011920929, z: 0.4037161}
  - {x: 0.0000009536743, y: 0.30251825, z: 0.4037161}
  - {x: 0.12769604, y: 0.30251825, z: 0.4037161}
  - {x: 0.12769604, y: 0.00000011920929, z: 0.4037161}
  - {x: 0.12769604, y: 0.00000011920929, z: 0}
  - {x: 0.12769604, y: 0.30251825, z: 0.4037161}
  - {x: 0.12769604, y: 0.30251825, z: 0}
  - {x: 0.12769604, y: 0.00000011920929, z: 0}
  - {x: 0.0000009536743, y: 0.00000011920929, z: 0}
  - {x: 0.12769604, y: 0.30251825, z: 0}
  - {x: 0.0000009536743, y: 0.30251825, z: 0}
  - {x: 0.0000009536743, y: 0.00000011920929, z: 0}
  - {x: 0.0000009536743, y: 0.00000011920929, z: 0.4037161}
  - {x: 0.0000009536743, y: 0.30251825, z: 0}
  - {x: 0.0000009536743, y: 0.30251825, z: 0.4037161}
  - {x: 0.0000009536743, y: 0.30251825, z: 0.4037161}
  - {x: 0.12769604, y: 0.30251825, z: 0.4037161}
  - {x: 0.0000009536743, y: 0.30251825, z: 0}
  - {x: 0.12769604, y: 0.30251825, z: 0}
  - {x: 0.0000009536743, y: 0.00000011920929, z: 0}
  - {x: 0.12769604, y: 0.00000011920929, z: 0}
  - {x: 0.0000009536743, y: 0.00000011920929, z: 0.4037161}
  - {x: 0.12769604, y: 0.00000011920929, z: 0.4037161}
  m_Textures0:
  - {x: -0.0000009536743, y: 0.00000011920929}
  - {x: -0.12769604, y: 0.00000011920929}
  - {x: -0.0000009536743, y: 0.30251825}
  - {x: -0.12769604, y: 0.30251825}
  - {x: 0.4037161, y: 0.00000011920929}
  - {x: 0, y: 0.00000011920929}
  - {x: 0.4037161, y: 0.30251825}
  - {x: 0, y: 0.30251825}
  - {x: 0.12769604, y: 0.00000011920929}
  - {x: 0.0000009536743, y: 0.00000011920929}
  - {x: 0.12769604, y: 0.30251825}
  - {x: 0.0000009536743, y: 0.30251825}
  - {x: 0, y: 0.00000011920929}
  - {x: -0.4037161, y: 0.00000011920929}
  - {x: 0, y: 0.30251825}
  - {x: -0.4037161, y: 0.30251825}
  - {x: 0.0000009536743, y: 0.4037161}
  - {x: 0.12769604, y: 0.4037161}
  - {x: 0.0000009536743, y: 0}
  - {x: 0.12769604, y: 0}
  - {x: -0.0000009536743, y: 0}
  - {x: -0.12769604, y: 0}
  - {x: -0.0000009536743, y: 0.4037161}
  - {x: -0.12769604, y: 0.4037161}
  m_Textures2: []
  m_Textures3: []
  m_Tangents:
  - {x: -1, y: 0, z: 0, w: -1}
  - {x: -1, y: 0, z: 0, w: -1}
  - {x: -1, y: 0, z: 0, w: -1}
  - {x: -1, y: 0, z: 0, w: -1}
  - {x: 0, y: 0, z: 1, w: -1}
  - {x: 0, y: 0, z: 1, w: -1}
  - {x: 0, y: 0, z: 1, w: -1}
  - {x: 0, y: 0, z: 1, w: -1}
  - {x: 1, y: 0, z: 0, w: -1}
  - {x: 1, y: 0, z: 0, w: -1}
  - {x: 1, y: 0, z: 0, w: -1}
  - {x: 1, y: 0, z: 0, w: -1}
  - {x: 0, y: 0, z: -1, w: -1}
  - {x: 0, y: 0, z: -1, w: -1}
  - {x: 0, y: 0, z: -1, w: -1}
  - {x: 0, y: 0, z: -1, w: -1}
  - {x: 1, y: 0, z: 0, w: -1}
  - {x: 1, y: 0, z: 0, w: -1}
  - {x: 1, y: 0, z: 0, w: -1}
  - {x: 1, y: 0, z: 0, w: -1}
  - {x: -1, y: 0, z: 0, w: -1}
  - {x: -1, y: 0, z: 0, w: -1}
  - {x: -1, y: 0, z: 0, w: -1}
  - {x: -1, y: 0, z: 0, w: -1}
  m_Colors: []
  m_UnwrapParameters:
    m_HardAngle: 88
    m_PackMargin: 20
    m_AngleError: 8
    m_AreaError: 15
  m_PreserveMeshAssetOnDestroy: 0
  assetGuid: 
  m_Mesh: {fileID: 0}
  m_VersionIndex: 1404
  m_IsSelectable: 1
  m_SelectedFaces: 
  m_SelectedEdges: []
  m_SelectedVertices: 
--- !u!114 &4012024786607525468
MonoBehaviour:
  m_ObjectHideFlags: 0
  m_CorrespondingSourceObject: {fileID: 0}
  m_PrefabInstance: {fileID: 0}
  m_PrefabAsset: {fileID: 0}
  m_GameObject: {fileID: 8036811597510679504}
  m_Enabled: 1
  m_EditorHideFlags: 0
  m_Script: {fileID: 11500000, guid: 1ca002da428252441b92f28d83c8a65f, type: 3}
  m_Name: 
  m_EditorClassIdentifier: 
  m_Shape:
    rid: 7817755312350560260
  m_Size: {x: 0.12769508, y: 0.30251813, z: 0.4037161}
  m_Rotation: {x: 0, y: 0, z: 0, w: 1}
  m_PivotLocation: 1
  m_PivotPosition: {x: 0, y: 0, z: 0}
  m_UnmodifiedMeshVersion: 1395
  m_ShapeBox:
    m_Center: {x: 0.063848495, y: 0.15125918, z: 0.20185804}
    m_Extent: {x: 0.06384754, y: 0.15125906, z: 0.20185804}
  references:
    version: 2
    RefIds:
    - rid: 7817755312350560260
      type: {class: Cube, ns: UnityEngine.ProBuilder.Shapes, asm: Unity.ProBuilder}
--- !u!23 &2633891106766371943
MeshRenderer:
  m_ObjectHideFlags: 0
  m_CorrespondingSourceObject: {fileID: 0}
  m_PrefabInstance: {fileID: 0}
  m_PrefabAsset: {fileID: 0}
  m_GameObject: {fileID: 8036811597510679504}
  m_Enabled: 1
  m_CastShadows: 1
  m_ReceiveShadows: 1
  m_DynamicOccludee: 1
  m_StaticShadowCaster: 0
  m_MotionVectors: 1
  m_LightProbeUsage: 1
  m_ReflectionProbeUsage: 1
  m_RayTracingMode: 2
  m_RayTraceProcedural: 0
  m_RenderingLayerMask: 1
  m_RendererPriority: 0
  m_Materials:
  - {fileID: 2100000, guid: 4e139c6fc8d5a4547ae2b7e502f59762, type: 2}
  m_StaticBatchInfo:
    firstSubMesh: 0
    subMeshCount: 0
  m_StaticBatchRoot: {fileID: 0}
  m_ProbeAnchor: {fileID: 0}
  m_LightProbeVolumeOverride: {fileID: 0}
  m_ScaleInLightmap: 1
  m_ReceiveGI: 1
  m_PreserveUVs: 0
  m_IgnoreNormalsForChartDetection: 0
  m_ImportantGI: 0
  m_StitchLightmapSeams: 1
  m_SelectedEditorRenderState: 3
  m_MinimumChartSize: 4
  m_AutoUVMaxDistance: 0.5
  m_AutoUVMaxAngle: 89
  m_LightmapParameters: {fileID: 0}
  m_SortingLayerID: 0
  m_SortingLayer: 0
  m_SortingOrder: 0
  m_AdditionalVertexStreams: {fileID: 0}
--- !u!33 &6767857813291330342
MeshFilter:
  m_ObjectHideFlags: 0
  m_CorrespondingSourceObject: {fileID: 0}
  m_PrefabInstance: {fileID: 0}
  m_PrefabAsset: {fileID: 0}
  m_GameObject: {fileID: 8036811597510679504}
  m_Mesh: {fileID: 0}
--- !u!64 &3006353377312455064
MeshCollider:
  m_ObjectHideFlags: 0
  m_CorrespondingSourceObject: {fileID: 0}
  m_PrefabInstance: {fileID: 0}
  m_PrefabAsset: {fileID: 0}
  m_GameObject: {fileID: 8036811597510679504}
  m_Material: {fileID: 0}
  m_IsTrigger: 1
  m_Enabled: 1
  serializedVersion: 4
  m_Convex: 1
  m_CookingOptions: 30
  m_Mesh: {fileID: 0}
--- !u!95 &1319252325331832949
Animator:
  serializedVersion: 4
  m_ObjectHideFlags: 0
  m_CorrespondingSourceObject: {fileID: 0}
  m_PrefabInstance: {fileID: 0}
  m_PrefabAsset: {fileID: 0}
  m_GameObject: {fileID: 8036811597510679504}
  m_Enabled: 1
  m_Avatar: {fileID: 0}
  m_Controller: {fileID: 9100000, guid: 3390088aa00f46447b4ffa43d645710b, type: 2}
  m_CullingMode: 0
  m_UpdateMode: 0
  m_ApplyRootMotion: 0
  m_LinearVelocityBlending: 0
  m_StabilizeFeet: 0
  m_WarningMessage: 
  m_HasTransformHierarchy: 1
  m_AllowConstantClipSamplingOptimization: 1
  m_KeepAnimatorControllerStateOnDisable: 0
