%YAML 1.1
%TAG !u! tag:unity3d.com,2011:
--- !u!1 &8776843971086802858
GameObject:
  m_ObjectHideFlags: 0
  m_CorrespondingSourceObject: {fileID: 0}
  m_PrefabInstance: {fileID: 0}
  m_PrefabAsset: {fileID: 0}
  serializedVersion: 6
  m_Component:
  - component: {fileID: 8776843971086802857}
  - component: {fileID: 8776843971086802772}
  - component: {fileID: 8776843971086802773}
  - component: {fileID: 8776843971086802774}
  - component: {fileID: 8776843971086802775}
  - component: {fileID: 8776843971086802856}
  m_Layer: 0
  m_Name: Placa
  m_TagString: Untagged
  m_Icon: {fileID: 0}
  m_NavMeshLayer: 0
  m_StaticEditorFlags: 0
  m_IsActive: 1
--- !u!4 &8776843971086802857
Transform:
  m_ObjectHideFlags: 0
  m_CorrespondingSourceObject: {fileID: 0}
  m_PrefabInstance: {fileID: 0}
  m_PrefabAsset: {fileID: 0}
  m_GameObject: {fileID: 8776843971086802858}
  m_LocalRotation: {x: -0, y: -0, z: -0, w: 1}
  m_LocalPosition: {x: 0.8180167, y: 0, z: -0.2303868}
  m_LocalScale: {x: 1, y: 1, z: 1}
  m_ConstrainProportionsScale: 0
  m_Children: []
  m_Father: {fileID: 8776843971865289307}
  m_RootOrder: 0
  m_LocalEulerAnglesHint: {x: 0, y: 0, z: 0}
--- !u!114 &8776843971086802772
MonoBehaviour:
  m_ObjectHideFlags: 0
  m_CorrespondingSourceObject: {fileID: 0}
  m_PrefabInstance: {fileID: 0}
  m_PrefabAsset: {fileID: 0}
  m_GameObject: {fileID: 8776843971086802858}
  m_Enabled: 1
  m_EditorHideFlags: 0
  m_Script: {fileID: 11500000, guid: 8233d90336aea43098adf6dbabd606a2, type: 3}
  m_Name: 
  m_EditorClassIdentifier: 
  m_MeshFormatVersion: 2
  m_Faces:
  - m_Indexes: 000000000100000002000000010000000300000002000000
    m_SmoothingGroup: 1
    m_Uv:
      m_UseWorldSpace: 0
      m_FlipU: 0
      m_FlipV: 0
      m_SwapUV: 0
      m_Fill: 1
      m_Scale: {x: 1, y: 1}
      m_Offset: {x: 0, y: 0}
      m_Rotation: 0
      m_Anchor: 9
    m_Material: {fileID: 0}
    m_SubmeshIndex: 0
    m_ManualUV: 0
    elementGroup: -1
    m_TextureGroup: -1
  - m_Indexes: 040000000500000006000000050000000700000006000000
    m_SmoothingGroup: 1
    m_Uv:
      m_UseWorldSpace: 0
      m_FlipU: 0
      m_FlipV: 0
      m_SwapUV: 0
      m_Fill: 1
      m_Scale: {x: 1, y: 1}
      m_Offset: {x: 0, y: 0}
      m_Rotation: 0
      m_Anchor: 9
    m_Material: {fileID: 0}
    m_SubmeshIndex: 0
    m_ManualUV: 0
    elementGroup: -1
    m_TextureGroup: -1
  - m_Indexes: 08000000090000000a000000090000000b0000000a000000
    m_SmoothingGroup: 1
    m_Uv:
      m_UseWorldSpace: 0
      m_FlipU: 0
      m_FlipV: 0
      m_SwapUV: 0
      m_Fill: 1
      m_Scale: {x: 1, y: 1}
      m_Offset: {x: 0, y: 0}
      m_Rotation: 0
      m_Anchor: 9
    m_Material: {fileID: 0}
    m_SubmeshIndex: 0
    m_ManualUV: 0
    elementGroup: -1
    m_TextureGroup: -1
  - m_Indexes: 0c0000000d0000000e0000000d0000000f0000000e000000
    m_SmoothingGroup: 1
    m_Uv:
      m_UseWorldSpace: 0
      m_FlipU: 0
      m_FlipV: 0
      m_SwapUV: 0
      m_Fill: 1
      m_Scale: {x: 1, y: 1}
      m_Offset: {x: 0, y: 0}
      m_Rotation: 0
      m_Anchor: 9
    m_Material: {fileID: 0}
    m_SubmeshIndex: 0
    m_ManualUV: 0
    elementGroup: -1
    m_TextureGroup: -1
  - m_Indexes: 100000001100000012000000110000001300000012000000
    m_SmoothingGroup: 1
    m_Uv:
      m_UseWorldSpace: 0
      m_FlipU: 0
      m_FlipV: 0
      m_SwapUV: 0
      m_Fill: 1
      m_Scale: {x: 1, y: 1}
      m_Offset: {x: 0, y: 0}
      m_Rotation: 0
      m_Anchor: 9
    m_Material: {fileID: 0}
    m_SubmeshIndex: 0
    m_ManualUV: 0
    elementGroup: -1
    m_TextureGroup: -1
  - m_Indexes: 140000001500000016000000150000001700000016000000
    m_SmoothingGroup: 1
    m_Uv:
      m_UseWorldSpace: 0
      m_FlipU: 0
      m_FlipV: 0
      m_SwapUV: 0
      m_Fill: 1
      m_Scale: {x: 1, y: 1}
      m_Offset: {x: 0, y: 0}
      m_Rotation: 0
      m_Anchor: 9
    m_Material: {fileID: 0}
    m_SubmeshIndex: 0
    m_ManualUV: 0
    elementGroup: -1
    m_TextureGroup: -1
  - m_Indexes: 1a0000001900000018000000
    m_SmoothingGroup: 0
    m_Uv:
      m_UseWorldSpace: 0
      m_FlipU: 0
      m_FlipV: 0
      m_SwapUV: 0
      m_Fill: 1
      m_Scale: {x: 1, y: 1}
      m_Offset: {x: 0, y: 0}
      m_Rotation: 0
      m_Anchor: 9
    m_Material: {fileID: 2100000, guid: 31321ba15b8f8eb4c954353edc038b1d, type: 2}
    m_SubmeshIndex: 0
    m_ManualUV: 0
    elementGroup: 0
    m_TextureGroup: -1
  - m_Indexes: 200000001f0000001e000000
    m_SmoothingGroup: 0
    m_Uv:
      m_UseWorldSpace: 0
      m_FlipU: 0
      m_FlipV: 0
      m_SwapUV: 0
      m_Fill: 1
      m_Scale: {x: 1, y: 1}
      m_Offset: {x: 0, y: 0}
      m_Rotation: 0
      m_Anchor: 9
    m_Material: {fileID: 2100000, guid: 31321ba15b8f8eb4c954353edc038b1d, type: 2}
    m_SubmeshIndex: 0
    m_ManualUV: 0
    elementGroup: 0
    m_TextureGroup: -1
  - m_Indexes: 260000002500000024000000
    m_SmoothingGroup: 0
    m_Uv:
      m_UseWorldSpace: 0
      m_FlipU: 0
      m_FlipV: 0
      m_SwapUV: 0
      m_Fill: 1
      m_Scale: {x: 1, y: 1}
      m_Offset: {x: 0, y: 0}
      m_Rotation: 0
      m_Anchor: 9
    m_Material: {fileID: 2100000, guid: 31321ba15b8f8eb4c954353edc038b1d, type: 2}
    m_SubmeshIndex: 0
    m_ManualUV: 0
    elementGroup: 0
    m_TextureGroup: -1
  - m_Indexes: 2c0000002b0000002a000000
    m_SmoothingGroup: 0
    m_Uv:
      m_UseWorldSpace: 0
      m_FlipU: 0
      m_FlipV: 0
      m_SwapUV: 0
      m_Fill: 1
      m_Scale: {x: 1, y: 1}
      m_Offset: {x: 0, y: 0}
      m_Rotation: 0
      m_Anchor: 9
    m_Material: {fileID: 2100000, guid: 31321ba15b8f8eb4c954353edc038b1d, type: 2}
    m_SubmeshIndex: 0
    m_ManualUV: 0
    elementGroup: 0
    m_TextureGroup: -1
  - m_Indexes: 320000003100000030000000
    m_SmoothingGroup: 0
    m_Uv:
      m_UseWorldSpace: 0
      m_FlipU: 0
      m_FlipV: 0
      m_SwapUV: 0
      m_Fill: 1
      m_Scale: {x: 1, y: 1}
      m_Offset: {x: 0, y: 0}
      m_Rotation: 0
      m_Anchor: 9
    m_Material: {fileID: 2100000, guid: 31321ba15b8f8eb4c954353edc038b1d, type: 2}
    m_SubmeshIndex: 0
    m_ManualUV: 0
    elementGroup: 0
    m_TextureGroup: -1
  - m_Indexes: 380000003700000036000000
    m_SmoothingGroup: 0
    m_Uv:
      m_UseWorldSpace: 0
      m_FlipU: 0
      m_FlipV: 0
      m_SwapUV: 0
      m_Fill: 1
      m_Scale: {x: 1, y: 1}
      m_Offset: {x: 0, y: 0}
      m_Rotation: 0
      m_Anchor: 9
    m_Material: {fileID: 2100000, guid: 31321ba15b8f8eb4c954353edc038b1d, type: 2}
    m_SubmeshIndex: 0
    m_ManualUV: 0
    elementGroup: 0
    m_TextureGroup: -1
  - m_Indexes: 1b0000001c0000001d000000
    m_SmoothingGroup: 0
    m_Uv:
      m_UseWorldSpace: 0
      m_FlipU: 0
      m_FlipV: 0
      m_SwapUV: 0
      m_Fill: 1
      m_Scale: {x: 1, y: 1}
      m_Offset: {x: 0, y: 0}
      m_Rotation: 0
      m_Anchor: 9
    m_Material: {fileID: 2100000, guid: 31321ba15b8f8eb4c954353edc038b1d, type: 2}
    m_SubmeshIndex: 0
    m_ManualUV: 0
    elementGroup: 0
    m_TextureGroup: -1
  - m_Indexes: 210000002200000023000000
    m_SmoothingGroup: 0
    m_Uv:
      m_UseWorldSpace: 0
      m_FlipU: 0
      m_FlipV: 0
      m_SwapUV: 0
      m_Fill: 1
      m_Scale: {x: 1, y: 1}
      m_Offset: {x: 0, y: 0}
      m_Rotation: 0
      m_Anchor: 9
    m_Material: {fileID: 2100000, guid: 31321ba15b8f8eb4c954353edc038b1d, type: 2}
    m_SubmeshIndex: 0
    m_ManualUV: 0
    elementGroup: 0
    m_TextureGroup: -1
  - m_Indexes: 270000002800000029000000
    m_SmoothingGroup: 0
    m_Uv:
      m_UseWorldSpace: 0
      m_FlipU: 0
      m_FlipV: 0
      m_SwapUV: 0
      m_Fill: 1
      m_Scale: {x: 1, y: 1}
      m_Offset: {x: 0, y: 0}
      m_Rotation: 0
      m_Anchor: 9
    m_Material: {fileID: 2100000, guid: 31321ba15b8f8eb4c954353edc038b1d, type: 2}
    m_SubmeshIndex: 0
    m_ManualUV: 0
    elementGroup: 0
    m_TextureGroup: -1
  - m_Indexes: 2d0000002e0000002f000000
    m_SmoothingGroup: 0
    m_Uv:
      m_UseWorldSpace: 0
      m_FlipU: 0
      m_FlipV: 0
      m_SwapUV: 0
      m_Fill: 1
      m_Scale: {x: 1, y: 1}
      m_Offset: {x: 0, y: 0}
      m_Rotation: 0
      m_Anchor: 9
    m_Material: {fileID: 2100000, guid: 31321ba15b8f8eb4c954353edc038b1d, type: 2}
    m_SubmeshIndex: 0
    m_ManualUV: 0
    elementGroup: 0
    m_TextureGroup: -1
  - m_Indexes: 330000003400000035000000
    m_SmoothingGroup: 0
    m_Uv:
      m_UseWorldSpace: 0
      m_FlipU: 0
      m_FlipV: 0
      m_SwapUV: 0
      m_Fill: 1
      m_Scale: {x: 1, y: 1}
      m_Offset: {x: 0, y: 0}
      m_Rotation: 0
      m_Anchor: 9
    m_Material: {fileID: 2100000, guid: 31321ba15b8f8eb4c954353edc038b1d, type: 2}
    m_SubmeshIndex: 0
    m_ManualUV: 0
    elementGroup: 0
    m_TextureGroup: -1
  - m_Indexes: 390000003a0000003b000000
    m_SmoothingGroup: 0
    m_Uv:
      m_UseWorldSpace: 0
      m_FlipU: 0
      m_FlipV: 0
      m_SwapUV: 0
      m_Fill: 1
      m_Scale: {x: 1, y: 1}
      m_Offset: {x: 0, y: 0}
      m_Rotation: 0
      m_Anchor: 9
    m_Material: {fileID: 2100000, guid: 31321ba15b8f8eb4c954353edc038b1d, type: 2}
    m_SubmeshIndex: 0
    m_ManualUV: 0
    elementGroup: 0
    m_TextureGroup: -1
  m_SharedVertices:
  - m_Vertices: 00000000160000001800000038000000
  - m_Vertices: 01000000170000001b0000003b000000
  - m_Vertices: 02000000040000001a0000001e000000
  - m_Vertices: 03000000050000001d00000021000000
  - m_Vertices: 06000000080000002000000024000000
  - m_Vertices: 07000000090000002300000027000000
  - m_Vertices: 0a0000000c000000260000002a000000
  - m_Vertices: 0b0000000d000000290000002d000000
  - m_Vertices: 0e000000100000002c00000030000000
  - m_Vertices: 0f000000110000002f00000033000000
  - m_Vertices: 12000000140000003200000036000000
  - m_Vertices: 13000000150000003500000039000000
  - m_Vertices: 190000001f000000250000002b0000003100000037000000
  - m_Vertices: 1c00000022000000280000002e000000340000003a000000
  m_SharedTextures: []
  m_Positions:
  - {x: 0, y: 0.000000059604645, z: 0.43342924}
  - {x: 0, y: 1.3470585, z: 0.43342924}
  - {x: -0.37149194, y: 0.000000059604645, z: 0.80878997}
  - {x: -0.37149194, y: 1.3470585, z: 0.80878997}
  - {x: -0.37149194, y: 0.000000059604645, z: 0.80878997}
  - {x: -0.37149194, y: 1.3470585, z: 0.80878997}
  - {x: -1.1144757, y: 0.000000059604645, z: 0.80878997}
  - {x: -1.1144757, y: 1.3470585, z: 0.80878997}
  - {x: -1.1144757, y: 0.000000059604645, z: 0.80878997}
  - {x: -1.1144757, y: 1.3470585, z: 0.80878997}
  - {x: -1.4859676, y: 0.000000059604645, z: 0.4334292}
  - {x: -1.4859676, y: 1.3470585, z: 0.4334292}
  - {x: -1.4859676, y: 0.000000059604645, z: 0.4334292}
  - {x: -1.4859676, y: 1.3470585, z: 0.4334292}
  - {x: -1.1144757, y: 0.000000059604645, z: 0.058068484}
  - {x: -1.1144757, y: 1.3470585, z: 0.058068484}
  - {x: -1.1144757, y: 0.000000059604645, z: 0.058068484}
  - {x: -1.1144757, y: 1.3470585, z: 0.058068484}
  - {x: -0.37149197, y: 0.000000059604645, z: 0.058068484}
  - {x: -0.37149197, y: 1.3470585, z: 0.058068484}
  - {x: -0.37149197, y: 0.000000059604645, z: 0.058068484}
  - {x: -0.37149197, y: 1.3470585, z: 0.058068484}
  - {x: 0, y: 0.000000059604645, z: 0.43342924}
  - {x: 0, y: 1.3470585, z: 0.43342924}
  - {x: 0, y: 0.000000059604645, z: 0.43342924}
  - {x: -0.7429838, y: 0.000000059604645, z: 0.43342924}
  - {x: -0.37149194, y: 0.000000059604645, z: 0.80878997}
  - {x: 0, y: 1.3470585, z: 0.43342924}
  - {x: -0.7429838, y: 1.3470585, z: 0.43342924}
  - {x: -0.37149194, y: 1.3470585, z: 0.80878997}
  - {x: -0.37149194, y: 0.000000059604645, z: 0.80878997}
  - {x: -0.7429838, y: 0.000000059604645, z: 0.43342924}
  - {x: -1.1144757, y: 0.000000059604645, z: 0.80878997}
  - {x: -0.37149194, y: 1.3470585, z: 0.80878997}
  - {x: -0.7429838, y: 1.3470585, z: 0.43342924}
  - {x: -1.1144757, y: 1.3470585, z: 0.80878997}
  - {x: -1.1144757, y: 0.000000059604645, z: 0.80878997}
  - {x: -0.7429838, y: 0.000000059604645, z: 0.43342924}
  - {x: -1.4859676, y: 0.000000059604645, z: 0.4334292}
  - {x: -1.1144757, y: 1.3470585, z: 0.80878997}
  - {x: -0.7429838, y: 1.3470585, z: 0.43342924}
  - {x: -1.4859676, y: 1.3470585, z: 0.4334292}
  - {x: -1.4859676, y: 0.000000059604645, z: 0.4334292}
  - {x: -0.7429838, y: 0.000000059604645, z: 0.43342924}
  - {x: -1.1144757, y: 0.000000059604645, z: 0.058068484}
  - {x: -1.4859676, y: 1.3470585, z: 0.4334292}
  - {x: -0.7429838, y: 1.3470585, z: 0.43342924}
  - {x: -1.1144757, y: 1.3470585, z: 0.058068484}
  - {x: -1.1144757, y: 0.000000059604645, z: 0.058068484}
  - {x: -0.7429838, y: 0.000000059604645, z: 0.43342924}
  - {x: -0.37149197, y: 0.000000059604645, z: 0.058068484}
  - {x: -1.1144757, y: 1.3470585, z: 0.058068484}
  - {x: -0.7429838, y: 1.3470585, z: 0.43342924}
  - {x: -0.37149197, y: 1.3470585, z: 0.058068484}
  - {x: -0.37149197, y: 0.000000059604645, z: 0.058068484}
  - {x: -0.7429838, y: 0.000000059604645, z: 0.43342924}
  - {x: 0, y: 0.000000059604645, z: 0.43342924}
  - {x: -0.37149197, y: 1.3470585, z: 0.058068484}
  - {x: -0.7429838, y: 1.3470585, z: 0.43342924}
  - {x: 0, y: 1.3470585, z: 0.43342924}
  m_Textures0:
  - {x: 0.30806422, y: 0.000000059604645}
  - {x: 0.30806422, y: 1.3470585}
  - {x: 0.83617586, y: 0.000000059604645}
  - {x: 0.83617586, y: 1.3470585}
  - {x: 0.37149194, y: 0.000000059604645}
  - {x: 0.37149194, y: 1.3470585}
  - {x: 1.1144757, y: 0.000000059604645}
  - {x: 1.1144757, y: 1.3470585}
  - {x: 0.20910476, y: 0.000000059604645}
  - {x: 0.20910476, y: 1.3470585}
  - {x: 0.7372164, y: 0.000000059604645}
  - {x: 0.7372164, y: 1.3470585}
  - {x: -1.353345, y: 0.000000059604645}
  - {x: -1.353345, y: 1.3470585}
  - {x: -0.82523334, y: 0.000000059604645}
  - {x: -0.82523334, y: 1.3470585}
  - {x: -1.1144757, y: 0.000000059604645}
  - {x: -1.1144757, y: 1.3470585}
  - {x: -0.37149197, y: 0.000000059604645}
  - {x: -0.37149197, y: 1.3470585}
  - {x: -0.22004747, y: 0.000000059604645}
  - {x: -0.22004747, y: 1.3470585}
  - {x: 0.30806425, y: 0.000000059604645}
  - {x: 0.30806425, y: 1.3470585}
  - {x: 0, y: 0.43342924}
  - {x: 0.7429838, y: 0.43342924}
  - {x: 0.37149194, y: 0.80878997}
  - {x: 0, y: 0.43342924}
  - {x: -0.7429838, y: 0.43342924}
  - {x: -0.37149194, y: 0.80878997}
  - {x: 0.37149194, y: 0.80878997}
  - {x: 0.7429838, y: 0.43342924}
  - {x: 1.1144757, y: 0.80878997}
  - {x: -0.37149194, y: 0.80878997}
  - {x: -0.7429838, y: 0.43342924}
  - {x: -1.1144757, y: 0.80878997}
  - {x: 1.1144757, y: 0.80878997}
  - {x: 0.7429838, y: 0.43342924}
  - {x: 1.4859676, y: 0.4334292}
  - {x: -1.1144757, y: 0.80878997}
  - {x: -0.7429838, y: 0.43342924}
  - {x: -1.4859676, y: 0.4334292}
  - {x: 1.4859676, y: 0.4334292}
  - {x: 0.7429838, y: 0.43342924}
  - {x: 1.1144757, y: 0.058068484}
  - {x: -1.4859676, y: 0.4334292}
  - {x: -0.7429838, y: 0.43342924}
  - {x: -1.1144757, y: 0.058068484}
  - {x: 1.1144757, y: 0.058068484}
  - {x: 0.7429838, y: 0.43342924}
  - {x: 0.37149197, y: 0.058068484}
  - {x: -1.1144757, y: 0.058068484}
  - {x: -0.7429838, y: 0.43342924}
  - {x: -0.37149197, y: 0.058068484}
  - {x: 0.37149197, y: 0.058068484}
  - {x: 0.7429838, y: 0.43342924}
  - {x: 0, y: 0.43342924}
  - {x: -0.37149197, y: 0.058068484}
  - {x: -0.7429838, y: 0.43342924}
  - {x: 0, y: 0.43342924}
  m_Textures2: []
  m_Textures3: []
  m_Tangents:
  - {x: 0, y: 0, z: 1, w: -1}
  - {x: 0, y: 0, z: 1, w: -1}
  - {x: -0.9228853, y: 0, z: 0.38507497, w: -1}
  - {x: -0.9228853, y: 0, z: 0.38507497, w: -1}
  - {x: -0.92288524, y: 0, z: 0.38507503, w: -1}
  - {x: -0.92288524, y: 0, z: 0.38507503, w: -1}
  - {x: -0.92288524, y: 0, z: -0.3850751, w: -1}
  - {x: -0.92288524, y: 0, z: -0.3850751, w: -1}
  - {x: -0.92288524, y: 0, z: -0.3850751, w: -1}
  - {x: -0.92288524, y: 0, z: -0.3850751, w: -1}
  - {x: 0, y: 0, z: -1, w: -1}
  - {x: 0, y: 0, z: -1, w: -1}
  - {x: 0, y: 0, z: -1, w: -1}
  - {x: 0, y: 0, z: -1, w: -1}
  - {x: 0.92288524, y: 0, z: -0.38507497, w: -1}
  - {x: 0.92288524, y: 0, z: -0.38507497, w: -1}
  - {x: 0.92288524, y: 0, z: -0.3850751, w: -1}
  - {x: 0.92288524, y: 0, z: -0.3850751, w: -1}
  - {x: 0.92288524, y: 0, z: 0.3850751, w: -1}
  - {x: 0.92288524, y: 0, z: 0.3850751, w: -1}
  - {x: 0.9228853, y: 0, z: 0.385075, w: -1}
  - {x: 0.9228853, y: 0, z: 0.385075, w: -1}
  - {x: 0, y: 0, z: 1, w: -1}
  - {x: 0, y: 0, z: 1, w: -1}
  - {x: -1, y: 0, z: 0, w: -1}
  - {x: -1, y: 0, z: 0, w: -1}
  - {x: -1, y: 0, z: 0, w: -1}
  - {x: 1, y: 0, z: 0, w: -1}
  - {x: 1, y: 0, z: 0, w: -1}
  - {x: 1, y: 0, z: 0, w: -1}
  - {x: -1, y: 0, z: 0, w: -1}
  - {x: -1, y: 0, z: 0, w: -1}
  - {x: -1, y: 0, z: 0, w: -1}
  - {x: 1, y: 0, z: 0, w: -1}
  - {x: 1, y: 0, z: 0, w: -1}
  - {x: 1, y: 0, z: 0, w: -1}
  - {x: -1, y: 0, z: 0, w: -1}
  - {x: -1, y: 0, z: 0, w: -1}
  - {x: -1, y: 0, z: 0, w: -1}
  - {x: 1, y: 0, z: 0, w: -1}
  - {x: 1, y: 0, z: 0, w: -1}
  - {x: 1, y: 0, z: 0, w: -1}
  - {x: -1, y: 0, z: 0, w: -1}
  - {x: -1, y: 0, z: 0, w: -1}
  - {x: -1, y: 0, z: 0, w: -1}
  - {x: 1, y: 0, z: 0, w: -1}
  - {x: 1, y: 0, z: 0, w: -1}
  - {x: 1, y: 0, z: 0, w: -1}
  - {x: -1, y: 0, z: 0, w: -1}
  - {x: -1, y: 0, z: 0, w: -1}
  - {x: -1, y: 0, z: 0, w: -1}
  - {x: 1, y: 0, z: 0, w: -1}
  - {x: 1, y: 0, z: 0, w: -1}
  - {x: 1, y: 0, z: 0, w: -1}
  - {x: -1, y: 0, z: 0, w: -1}
  - {x: -1, y: 0, z: 0, w: -1}
  - {x: -1, y: 0, z: 0, w: -1}
  - {x: 1, y: 0, z: 0, w: -1}
  - {x: 1, y: 0, z: 0, w: -1}
  - {x: 1, y: 0, z: 0, w: -1}
  m_Colors: []
  m_UnwrapParameters:
    m_HardAngle: 88
    m_PackMargin: 20
    m_AngleError: 8
    m_AreaError: 15
  m_PreserveMeshAssetOnDestroy: 0
  assetGuid: 
  m_Mesh: {fileID: 0}
  m_VersionIndex: 1480
  m_IsSelectable: 1
  m_SelectedFaces: 
  m_SelectedEdges: []
  m_SelectedVertices: 
--- !u!114 &8776843971086802773
MonoBehaviour:
  m_ObjectHideFlags: 0
  m_CorrespondingSourceObject: {fileID: 0}
  m_PrefabInstance: {fileID: 0}
  m_PrefabAsset: {fileID: 0}
  m_GameObject: {fileID: 8776843971086802858}
  m_Enabled: 1
  m_EditorHideFlags: 0
  m_Script: {fileID: 11500000, guid: 1ca002da428252441b92f28d83c8a65f, type: 3}
  m_Name: 
  m_EditorClassIdentifier: 
  m_Shape:
    rid: 7817755308485246982
  m_Size: {x: -1.4859676, y: 1.3470584, z: 0.8668585}
  m_Rotation: {x: 0, y: 0, z: 0, w: 1}
  m_PivotLocation: 1
  m_PivotPosition: {x: 0, y: 0, z: 0}
  m_UnmodifiedMeshVersion: 1471
  m_ShapeBox:
    m_Center: {x: -0.7429838, y: 0.67352927, z: 0.43342924}
    m_Extent: {x: -0.7429838, y: 0.6735292, z: 0.43342924}
  references:
    version: 2
    RefIds:
    - rid: 7817755308485246982
      type: {class: Cylinder, ns: UnityEngine.ProBuilder.Shapes, asm: Unity.ProBuilder}
      data:
        m_AxisDivisions: 6
        m_HeightCuts: 0
        m_Smooth: 1
--- !u!23 &8776843971086802774
MeshRenderer:
  m_ObjectHideFlags: 0
  m_CorrespondingSourceObject: {fileID: 0}
  m_PrefabInstance: {fileID: 0}
  m_PrefabAsset: {fileID: 0}
  m_GameObject: {fileID: 8776843971086802858}
  m_Enabled: 1
  m_CastShadows: 1
  m_ReceiveShadows: 1
  m_DynamicOccludee: 1
  m_StaticShadowCaster: 0
  m_MotionVectors: 1
  m_LightProbeUsage: 1
  m_ReflectionProbeUsage: 1
  m_RayTracingMode: 2
  m_RayTraceProcedural: 0
  m_RenderingLayerMask: 1
  m_RendererPriority: 0
  m_Materials:
  - {fileID: 2100000, guid: 4f89a4622cb211f49ac1e0721e6fa51f, type: 2}
  m_StaticBatchInfo:
    firstSubMesh: 0
    subMeshCount: 0
  m_StaticBatchRoot: {fileID: 0}
  m_ProbeAnchor: {fileID: 0}
  m_LightProbeVolumeOverride: {fileID: 0}
  m_ScaleInLightmap: 1
  m_ReceiveGI: 1
  m_PreserveUVs: 0
  m_IgnoreNormalsForChartDetection: 0
  m_ImportantGI: 0
  m_StitchLightmapSeams: 1
  m_SelectedEditorRenderState: 2
  m_MinimumChartSize: 4
  m_AutoUVMaxDistance: 0.5
  m_AutoUVMaxAngle: 89
  m_LightmapParameters: {fileID: 0}
  m_SortingLayerID: 0
  m_SortingLayer: 0
  m_SortingOrder: 0
  m_AdditionalVertexStreams: {fileID: 0}
--- !u!33 &8776843971086802775
MeshFilter:
  m_ObjectHideFlags: 0
  m_CorrespondingSourceObject: {fileID: 0}
  m_PrefabInstance: {fileID: 0}
  m_PrefabAsset: {fileID: 0}
  m_GameObject: {fileID: 8776843971086802858}
  m_Mesh: {fileID: 0}
--- !u!64 &8776843971086802856
MeshCollider:
  m_ObjectHideFlags: 0
  m_CorrespondingSourceObject: {fileID: 0}
  m_PrefabInstance: {fileID: 0}
  m_PrefabAsset: {fileID: 0}
  m_GameObject: {fileID: 8776843971086802858}
  m_Material: {fileID: 0}
  m_IsTrigger: 0
  m_Enabled: 1
  serializedVersion: 4
  m_Convex: 0
  m_CookingOptions: 30
  m_Mesh: {fileID: 0}
--- !u!1 &8776843971322189777
GameObject:
  m_ObjectHideFlags: 0
  m_CorrespondingSourceObject: {fileID: 0}
  m_PrefabInstance: {fileID: 0}
  m_PrefabAsset: {fileID: 0}
  serializedVersion: 6
  m_Component:
  - component: {fileID: 8776843971322189776}
  - component: {fileID: 8776843971322189786}
  - component: {fileID: 8776843971322189787}
  - component: {fileID: 8776843971322189788}
  - component: {fileID: 8776843971322189789}
  - component: {fileID: 8776843971322189790}
  - component: {fileID: 8776843971322189791}
  m_Layer: 0
  m_Name: Boton
  m_TagString: StretchyP
  m_Icon: {fileID: 0}
  m_NavMeshLayer: 0
  m_StaticEditorFlags: 0
  m_IsActive: 1
--- !u!4 &8776843971322189776
Transform:
  m_ObjectHideFlags: 0
  m_CorrespondingSourceObject: {fileID: 0}
  m_PrefabInstance: {fileID: 0}
  m_PrefabAsset: {fileID: 0}
  m_GameObject: {fileID: 8776843971322189777}
  m_LocalRotation: {x: -0, y: -0, z: -0, w: 1}
  m_LocalPosition: {x: 0.662, y: 1.2787611, z: -0.13552198}
  m_LocalScale: {x: 0.760567, y: 1, z: 0.81782275}
  m_ConstrainProportionsScale: 0
  m_Children: []
  m_Father: {fileID: 8776843971865289307}
  m_RootOrder: 1
  m_LocalEulerAnglesHint: {x: 0, y: 0, z: 0}
--- !u!114 &8776843971322189786
MonoBehaviour:
  m_ObjectHideFlags: 0
  m_CorrespondingSourceObject: {fileID: 0}
  m_PrefabInstance: {fileID: 0}
  m_PrefabAsset: {fileID: 0}
  m_GameObject: {fileID: 8776843971322189777}
  m_Enabled: 1
  m_EditorHideFlags: 0
  m_Script: {fileID: 11500000, guid: 8233d90336aea43098adf6dbabd606a2, type: 3}
  m_Name: 
  m_EditorClassIdentifier: 
  m_MeshFormatVersion: 2
  m_Faces:
  - m_Indexes: 000000000100000002000000010000000300000002000000
    m_SmoothingGroup: 1
    m_Uv:
      m_UseWorldSpace: 0
      m_FlipU: 0
      m_FlipV: 0
      m_SwapUV: 0
      m_Fill: 1
      m_Scale: {x: 1, y: 1}
      m_Offset: {x: 0, y: 0}
      m_Rotation: 0
      m_Anchor: 9
    m_Material: {fileID: 0}
    m_SubmeshIndex: 0
    m_ManualUV: 0
    elementGroup: -1
    m_TextureGroup: -1
  - m_Indexes: 040000000500000006000000050000000700000006000000
    m_SmoothingGroup: 1
    m_Uv:
      m_UseWorldSpace: 0
      m_FlipU: 0
      m_FlipV: 0
      m_SwapUV: 0
      m_Fill: 1
      m_Scale: {x: 1, y: 1}
      m_Offset: {x: 0, y: 0}
      m_Rotation: 0
      m_Anchor: 9
    m_Material: {fileID: 0}
    m_SubmeshIndex: 0
    m_ManualUV: 0
    elementGroup: -1
    m_TextureGroup: -1
  - m_Indexes: 08000000090000000a000000090000000b0000000a000000
    m_SmoothingGroup: 1
    m_Uv:
      m_UseWorldSpace: 0
      m_FlipU: 0
      m_FlipV: 0
      m_SwapUV: 0
      m_Fill: 1
      m_Scale: {x: 1, y: 1}
      m_Offset: {x: 0, y: 0}
      m_Rotation: 0
      m_Anchor: 9
    m_Material: {fileID: 0}
    m_SubmeshIndex: 0
    m_ManualUV: 0
    elementGroup: -1
    m_TextureGroup: -1
  - m_Indexes: 0c0000000d0000000e0000000d0000000f0000000e000000
    m_SmoothingGroup: 1
    m_Uv:
      m_UseWorldSpace: 0
      m_FlipU: 0
      m_FlipV: 0
      m_SwapUV: 0
      m_Fill: 1
      m_Scale: {x: 1, y: 1}
      m_Offset: {x: 0, y: 0}
      m_Rotation: 0
      m_Anchor: 9
    m_Material: {fileID: 0}
    m_SubmeshIndex: 0
    m_ManualUV: 0
    elementGroup: -1
    m_TextureGroup: -1
  - m_Indexes: 100000001100000012000000110000001300000012000000
    m_SmoothingGroup: 1
    m_Uv:
      m_UseWorldSpace: 0
      m_FlipU: 0
      m_FlipV: 0
      m_SwapUV: 0
      m_Fill: 1
      m_Scale: {x: 1, y: 1}
      m_Offset: {x: 0, y: 0}
      m_Rotation: 0
      m_Anchor: 9
    m_Material: {fileID: 0}
    m_SubmeshIndex: 0
    m_ManualUV: 0
    elementGroup: -1
    m_TextureGroup: -1
  - m_Indexes: 140000001500000016000000150000001700000016000000
    m_SmoothingGroup: 1
    m_Uv:
      m_UseWorldSpace: 0
      m_FlipU: 0
      m_FlipV: 0
      m_SwapUV: 0
      m_Fill: 1
      m_Scale: {x: 1, y: 1}
      m_Offset: {x: 0, y: 0}
      m_Rotation: 0
      m_Anchor: 9
    m_Material: {fileID: 0}
    m_SubmeshIndex: 0
    m_ManualUV: 0
    elementGroup: -1
    m_TextureGroup: -1
  - m_Indexes: 1a0000001900000018000000
    m_SmoothingGroup: 0
    m_Uv:
      m_UseWorldSpace: 0
      m_FlipU: 0
      m_FlipV: 0
      m_SwapUV: 0
      m_Fill: 1
      m_Scale: {x: 1, y: 1}
      m_Offset: {x: 0, y: 0}
      m_Rotation: 0
      m_Anchor: 9
    m_Material: {fileID: 2100000, guid: 31321ba15b8f8eb4c954353edc038b1d, type: 2}
    m_SubmeshIndex: 0
    m_ManualUV: 0
    elementGroup: 0
    m_TextureGroup: -1
  - m_Indexes: 200000001f0000001e000000
    m_SmoothingGroup: 0
    m_Uv:
      m_UseWorldSpace: 0
      m_FlipU: 0
      m_FlipV: 0
      m_SwapUV: 0
      m_Fill: 1
      m_Scale: {x: 1, y: 1}
      m_Offset: {x: 0, y: 0}
      m_Rotation: 0
      m_Anchor: 9
    m_Material: {fileID: 2100000, guid: 31321ba15b8f8eb4c954353edc038b1d, type: 2}
    m_SubmeshIndex: 0
    m_ManualUV: 0
    elementGroup: 0
    m_TextureGroup: -1
  - m_Indexes: 260000002500000024000000
    m_SmoothingGroup: 0
    m_Uv:
      m_UseWorldSpace: 0
      m_FlipU: 0
      m_FlipV: 0
      m_SwapUV: 0
      m_Fill: 1
      m_Scale: {x: 1, y: 1}
      m_Offset: {x: 0, y: 0}
      m_Rotation: 0
      m_Anchor: 9
    m_Material: {fileID: 2100000, guid: 31321ba15b8f8eb4c954353edc038b1d, type: 2}
    m_SubmeshIndex: 0
    m_ManualUV: 0
    elementGroup: 0
    m_TextureGroup: -1
  - m_Indexes: 2c0000002b0000002a000000
    m_SmoothingGroup: 0
    m_Uv:
      m_UseWorldSpace: 0
      m_FlipU: 0
      m_FlipV: 0
      m_SwapUV: 0
      m_Fill: 1
      m_Scale: {x: 1, y: 1}
      m_Offset: {x: 0, y: 0}
      m_Rotation: 0
      m_Anchor: 9
    m_Material: {fileID: 2100000, guid: 31321ba15b8f8eb4c954353edc038b1d, type: 2}
    m_SubmeshIndex: 0
    m_ManualUV: 0
    elementGroup: 0
    m_TextureGroup: -1
  - m_Indexes: 320000003100000030000000
    m_SmoothingGroup: 0
    m_Uv:
      m_UseWorldSpace: 0
      m_FlipU: 0
      m_FlipV: 0
      m_SwapUV: 0
      m_Fill: 1
      m_Scale: {x: 1, y: 1}
      m_Offset: {x: 0, y: 0}
      m_Rotation: 0
      m_Anchor: 9
    m_Material: {fileID: 2100000, guid: 31321ba15b8f8eb4c954353edc038b1d, type: 2}
    m_SubmeshIndex: 0
    m_ManualUV: 0
    elementGroup: 0
    m_TextureGroup: -1
  - m_Indexes: 380000003700000036000000
    m_SmoothingGroup: 0
    m_Uv:
      m_UseWorldSpace: 0
      m_FlipU: 0
      m_FlipV: 0
      m_SwapUV: 0
      m_Fill: 1
      m_Scale: {x: 1, y: 1}
      m_Offset: {x: 0, y: 0}
      m_Rotation: 0
      m_Anchor: 9
    m_Material: {fileID: 2100000, guid: 31321ba15b8f8eb4c954353edc038b1d, type: 2}
    m_SubmeshIndex: 0
    m_ManualUV: 0
    elementGroup: 0
    m_TextureGroup: -1
  - m_Indexes: 1b0000001c0000001d000000
    m_SmoothingGroup: 0
    m_Uv:
      m_UseWorldSpace: 0
      m_FlipU: 0
      m_FlipV: 0
      m_SwapUV: 0
      m_Fill: 1
      m_Scale: {x: 1, y: 1}
      m_Offset: {x: 0, y: 0}
      m_Rotation: 0
      m_Anchor: 9
    m_Material: {fileID: 2100000, guid: 31321ba15b8f8eb4c954353edc038b1d, type: 2}
    m_SubmeshIndex: 0
    m_ManualUV: 0
    elementGroup: 0
    m_TextureGroup: -1
  - m_Indexes: 210000002200000023000000
    m_SmoothingGroup: 0
    m_Uv:
      m_UseWorldSpace: 0
      m_FlipU: 0
      m_FlipV: 0
      m_SwapUV: 0
      m_Fill: 1
      m_Scale: {x: 1, y: 1}
      m_Offset: {x: 0, y: 0}
      m_Rotation: 0
      m_Anchor: 9
    m_Material: {fileID: 2100000, guid: 31321ba15b8f8eb4c954353edc038b1d, type: 2}
    m_SubmeshIndex: 0
    m_ManualUV: 0
    elementGroup: 0
    m_TextureGroup: -1
  - m_Indexes: 270000002800000029000000
    m_SmoothingGroup: 0
    m_Uv:
      m_UseWorldSpace: 0
      m_FlipU: 0
      m_FlipV: 0
      m_SwapUV: 0
      m_Fill: 1
      m_Scale: {x: 1, y: 1}
      m_Offset: {x: 0, y: 0}
      m_Rotation: 0
      m_Anchor: 9
    m_Material: {fileID: 2100000, guid: 31321ba15b8f8eb4c954353edc038b1d, type: 2}
    m_SubmeshIndex: 0
    m_ManualUV: 0
    elementGroup: 0
    m_TextureGroup: -1
  - m_Indexes: 2d0000002e0000002f000000
    m_SmoothingGroup: 0
    m_Uv:
      m_UseWorldSpace: 0
      m_FlipU: 0
      m_FlipV: 0
      m_SwapUV: 0
      m_Fill: 1
      m_Scale: {x: 1, y: 1}
      m_Offset: {x: 0, y: 0}
      m_Rotation: 0
      m_Anchor: 9
    m_Material: {fileID: 2100000, guid: 31321ba15b8f8eb4c954353edc038b1d, type: 2}
    m_SubmeshIndex: 0
    m_ManualUV: 0
    elementGroup: 0
    m_TextureGroup: -1
  - m_Indexes: 330000003400000035000000
    m_SmoothingGroup: 0
    m_Uv:
      m_UseWorldSpace: 0
      m_FlipU: 0
      m_FlipV: 0
      m_SwapUV: 0
      m_Fill: 1
      m_Scale: {x: 1, y: 1}
      m_Offset: {x: 0, y: 0}
      m_Rotation: 0
      m_Anchor: 9
    m_Material: {fileID: 2100000, guid: 31321ba15b8f8eb4c954353edc038b1d, type: 2}
    m_SubmeshIndex: 0
    m_ManualUV: 0
    elementGroup: 0
    m_TextureGroup: -1
  - m_Indexes: 390000003a0000003b000000
    m_SmoothingGroup: 0
    m_Uv:
      m_UseWorldSpace: 0
      m_FlipU: 0
      m_FlipV: 0
      m_SwapUV: 0
      m_Fill: 1
      m_Scale: {x: 1, y: 1}
      m_Offset: {x: 0, y: 0}
      m_Rotation: 0
      m_Anchor: 9
    m_Material: {fileID: 2100000, guid: 31321ba15b8f8eb4c954353edc038b1d, type: 2}
    m_SubmeshIndex: 0
    m_ManualUV: 0
    elementGroup: 0
    m_TextureGroup: -1
  m_SharedVertices:
  - m_Vertices: 00000000160000001800000038000000
  - m_Vertices: 01000000170000001b0000003b000000
  - m_Vertices: 02000000040000001a0000001e000000
  - m_Vertices: 03000000050000001d00000021000000
  - m_Vertices: 06000000080000002000000024000000
  - m_Vertices: 07000000090000002300000027000000
  - m_Vertices: 0a0000000c000000260000002a000000
  - m_Vertices: 0b0000000d000000290000002d000000
  - m_Vertices: 0e000000100000002c00000030000000
  - m_Vertices: 0f000000110000002f00000033000000
  - m_Vertices: 12000000140000003200000036000000
  - m_Vertices: 13000000150000003500000039000000
  - m_Vertices: 190000001f000000250000002b0000003100000037000000
  - m_Vertices: 1c00000022000000280000002e000000340000003a000000
  m_SharedTextures: []
  m_Positions:
  - {x: 0, y: 0.000000059604645, z: 0.43342924}
  - {x: 0, y: 1.3470585, z: 0.43342924}
  - {x: -0.37149194, y: 0.000000059604645, z: 0.80878997}
  - {x: -0.37149194, y: 1.3470585, z: 0.80878997}
  - {x: -0.37149194, y: 0.000000059604645, z: 0.80878997}
  - {x: -0.37149194, y: 1.3470585, z: 0.80878997}
  - {x: -1.1144757, y: 0.000000059604645, z: 0.80878997}
  - {x: -1.1144757, y: 1.3470585, z: 0.80878997}
  - {x: -1.1144757, y: 0.000000059604645, z: 0.80878997}
  - {x: -1.1144757, y: 1.3470585, z: 0.80878997}
  - {x: -1.4859676, y: 0.000000059604645, z: 0.4334292}
  - {x: -1.4859676, y: 1.3470585, z: 0.4334292}
  - {x: -1.4859676, y: 0.000000059604645, z: 0.4334292}
  - {x: -1.4859676, y: 1.3470585, z: 0.4334292}
  - {x: -1.1144757, y: 0.000000059604645, z: 0.058068484}
  - {x: -1.1144757, y: 1.3470585, z: 0.058068484}
  - {x: -1.1144757, y: 0.000000059604645, z: 0.058068484}
  - {x: -1.1144757, y: 1.3470585, z: 0.058068484}
  - {x: -0.37149197, y: 0.000000059604645, z: 0.058068484}
  - {x: -0.37149197, y: 1.3470585, z: 0.058068484}
  - {x: -0.37149197, y: 0.000000059604645, z: 0.058068484}
  - {x: -0.37149197, y: 1.3470585, z: 0.058068484}
  - {x: 0, y: 0.000000059604645, z: 0.43342924}
  - {x: 0, y: 1.3470585, z: 0.43342924}
  - {x: 0, y: 0.000000059604645, z: 0.43342924}
  - {x: -0.7429838, y: 0.000000059604645, z: 0.43342924}
  - {x: -0.37149194, y: 0.000000059604645, z: 0.80878997}
  - {x: 0, y: 1.3470585, z: 0.43342924}
  - {x: -0.7429838, y: 1.3470585, z: 0.43342924}
  - {x: -0.37149194, y: 1.3470585, z: 0.80878997}
  - {x: -0.37149194, y: 0.000000059604645, z: 0.80878997}
  - {x: -0.7429838, y: 0.000000059604645, z: 0.43342924}
  - {x: -1.1144757, y: 0.000000059604645, z: 0.80878997}
  - {x: -0.37149194, y: 1.3470585, z: 0.80878997}
  - {x: -0.7429838, y: 1.3470585, z: 0.43342924}
  - {x: -1.1144757, y: 1.3470585, z: 0.80878997}
  - {x: -1.1144757, y: 0.000000059604645, z: 0.80878997}
  - {x: -0.7429838, y: 0.000000059604645, z: 0.43342924}
  - {x: -1.4859676, y: 0.000000059604645, z: 0.4334292}
  - {x: -1.1144757, y: 1.3470585, z: 0.80878997}
  - {x: -0.7429838, y: 1.3470585, z: 0.43342924}
  - {x: -1.4859676, y: 1.3470585, z: 0.4334292}
  - {x: -1.4859676, y: 0.000000059604645, z: 0.4334292}
  - {x: -0.7429838, y: 0.000000059604645, z: 0.43342924}
  - {x: -1.1144757, y: 0.000000059604645, z: 0.058068484}
  - {x: -1.4859676, y: 1.3470585, z: 0.4334292}
  - {x: -0.7429838, y: 1.3470585, z: 0.43342924}
  - {x: -1.1144757, y: 1.3470585, z: 0.058068484}
  - {x: -1.1144757, y: 0.000000059604645, z: 0.058068484}
  - {x: -0.7429838, y: 0.000000059604645, z: 0.43342924}
  - {x: -0.37149197, y: 0.000000059604645, z: 0.058068484}
  - {x: -1.1144757, y: 1.3470585, z: 0.058068484}
  - {x: -0.7429838, y: 1.3470585, z: 0.43342924}
  - {x: -0.37149197, y: 1.3470585, z: 0.058068484}
  - {x: -0.37149197, y: 0.000000059604645, z: 0.058068484}
  - {x: -0.7429838, y: 0.000000059604645, z: 0.43342924}
  - {x: 0, y: 0.000000059604645, z: 0.43342924}
  - {x: -0.37149197, y: 1.3470585, z: 0.058068484}
  - {x: -0.7429838, y: 1.3470585, z: 0.43342924}
  - {x: 0, y: 1.3470585, z: 0.43342924}
  m_Textures0:
  - {x: 0.30806422, y: 0.000000059604645}
  - {x: 0.30806422, y: 1.3470585}
  - {x: 0.83617586, y: 0.000000059604645}
  - {x: 0.83617586, y: 1.3470585}
  - {x: 0.37149194, y: 0.000000059604645}
  - {x: 0.37149194, y: 1.3470585}
  - {x: 1.1144757, y: 0.000000059604645}
  - {x: 1.1144757, y: 1.3470585}
  - {x: 0.20910476, y: 0.000000059604645}
  - {x: 0.20910476, y: 1.3470585}
  - {x: 0.7372164, y: 0.000000059604645}
  - {x: 0.7372164, y: 1.3470585}
  - {x: -1.353345, y: 0.000000059604645}
  - {x: -1.353345, y: 1.3470585}
  - {x: -0.82523334, y: 0.000000059604645}
  - {x: -0.82523334, y: 1.3470585}
  - {x: -1.1144757, y: 0.000000059604645}
  - {x: -1.1144757, y: 1.3470585}
  - {x: -0.37149197, y: 0.000000059604645}
  - {x: -0.37149197, y: 1.3470585}
  - {x: -0.22004747, y: 0.000000059604645}
  - {x: -0.22004747, y: 1.3470585}
  - {x: 0.30806425, y: 0.000000059604645}
  - {x: 0.30806425, y: 1.3470585}
  - {x: 0, y: 0.43342924}
  - {x: 0.7429838, y: 0.43342924}
  - {x: 0.37149194, y: 0.80878997}
  - {x: 0, y: 0.43342924}
  - {x: -0.7429838, y: 0.43342924}
  - {x: -0.37149194, y: 0.80878997}
  - {x: 0.37149194, y: 0.80878997}
  - {x: 0.7429838, y: 0.43342924}
  - {x: 1.1144757, y: 0.80878997}
  - {x: -0.37149194, y: 0.80878997}
  - {x: -0.7429838, y: 0.43342924}
  - {x: -1.1144757, y: 0.80878997}
  - {x: 1.1144757, y: 0.80878997}
  - {x: 0.7429838, y: 0.43342924}
  - {x: 1.4859676, y: 0.4334292}
  - {x: -1.1144757, y: 0.80878997}
  - {x: -0.7429838, y: 0.43342924}
  - {x: -1.4859676, y: 0.4334292}
  - {x: 1.4859676, y: 0.4334292}
  - {x: 0.7429838, y: 0.43342924}
  - {x: 1.1144757, y: 0.058068484}
  - {x: -1.4859676, y: 0.4334292}
  - {x: -0.7429838, y: 0.43342924}
  - {x: -1.1144757, y: 0.058068484}
  - {x: 1.1144757, y: 0.058068484}
  - {x: 0.7429838, y: 0.43342924}
  - {x: 0.37149197, y: 0.058068484}
  - {x: -1.1144757, y: 0.058068484}
  - {x: -0.7429838, y: 0.43342924}
  - {x: -0.37149197, y: 0.058068484}
  - {x: 0.37149197, y: 0.058068484}
  - {x: 0.7429838, y: 0.43342924}
  - {x: 0, y: 0.43342924}
  - {x: -0.37149197, y: 0.058068484}
  - {x: -0.7429838, y: 0.43342924}
  - {x: 0, y: 0.43342924}
  m_Textures2: []
  m_Textures3: []
  m_Tangents:
  - {x: 0, y: 0, z: 1, w: -1}
  - {x: 0, y: 0, z: 1, w: -1}
  - {x: -0.9228853, y: 0, z: 0.38507497, w: -1}
  - {x: -0.9228853, y: 0, z: 0.38507497, w: -1}
  - {x: -0.92288524, y: 0, z: 0.38507503, w: -1}
  - {x: -0.92288524, y: 0, z: 0.38507503, w: -1}
  - {x: -0.92288524, y: 0, z: -0.3850751, w: -1}
  - {x: -0.92288524, y: 0, z: -0.3850751, w: -1}
  - {x: -0.92288524, y: 0, z: -0.3850751, w: -1}
  - {x: -0.92288524, y: 0, z: -0.3850751, w: -1}
  - {x: 0, y: 0, z: -1, w: -1}
  - {x: 0, y: 0, z: -1, w: -1}
  - {x: 0, y: 0, z: -1, w: -1}
  - {x: 0, y: 0, z: -1, w: -1}
  - {x: 0.92288524, y: 0, z: -0.38507497, w: -1}
  - {x: 0.92288524, y: 0, z: -0.38507497, w: -1}
  - {x: 0.92288524, y: 0, z: -0.3850751, w: -1}
  - {x: 0.92288524, y: 0, z: -0.3850751, w: -1}
  - {x: 0.92288524, y: 0, z: 0.3850751, w: -1}
  - {x: 0.92288524, y: 0, z: 0.3850751, w: -1}
  - {x: 0.9228853, y: 0, z: 0.385075, w: -1}
  - {x: 0.9228853, y: 0, z: 0.385075, w: -1}
  - {x: 0, y: 0, z: 1, w: -1}
  - {x: 0, y: 0, z: 1, w: -1}
  - {x: -1, y: 0, z: 0, w: -1}
  - {x: -1, y: 0, z: 0, w: -1}
  - {x: -1, y: 0, z: 0, w: -1}
  - {x: 1, y: 0, z: 0, w: -1}
  - {x: 1, y: 0, z: 0, w: -1}
  - {x: 1, y: 0, z: 0, w: -1}
  - {x: -1, y: 0, z: 0, w: -1}
  - {x: -1, y: 0, z: 0, w: -1}
  - {x: -1, y: 0, z: 0, w: -1}
  - {x: 1, y: 0, z: 0, w: -1}
  - {x: 1, y: 0, z: 0, w: -1}
  - {x: 1, y: 0, z: 0, w: -1}
  - {x: -1, y: 0, z: 0, w: -1}
  - {x: -1, y: 0, z: 0, w: -1}
  - {x: -1, y: 0, z: 0, w: -1}
  - {x: 1, y: 0, z: 0, w: -1}
  - {x: 1, y: 0, z: 0, w: -1}
  - {x: 1, y: 0, z: 0, w: -1}
  - {x: -1, y: 0, z: 0, w: -1}
  - {x: -1, y: 0, z: 0, w: -1}
  - {x: -1, y: 0, z: 0, w: -1}
  - {x: 1, y: 0, z: 0, w: -1}
  - {x: 1, y: 0, z: 0, w: -1}
  - {x: 1, y: 0, z: 0, w: -1}
  - {x: -1, y: 0, z: 0, w: -1}
  - {x: -1, y: 0, z: 0, w: -1}
  - {x: -1, y: 0, z: 0, w: -1}
  - {x: 1, y: 0, z: 0, w: -1}
  - {x: 1, y: 0, z: 0, w: -1}
  - {x: 1, y: 0, z: 0, w: -1}
  - {x: -1, y: 0, z: 0, w: -1}
  - {x: -1, y: 0, z: 0, w: -1}
  - {x: -1, y: 0, z: 0, w: -1}
  - {x: 1, y: 0, z: 0, w: -1}
  - {x: 1, y: 0, z: 0, w: -1}
  - {x: 1, y: 0, z: 0, w: -1}
  m_Colors: []
  m_UnwrapParameters:
    m_HardAngle: 88
    m_PackMargin: 20
    m_AngleError: 8
    m_AreaError: 15
  m_PreserveMeshAssetOnDestroy: 0
  assetGuid: 
  m_Mesh: {fileID: 0}
  m_VersionIndex: 1483
  m_IsSelectable: 1
  m_SelectedFaces: 
  m_SelectedEdges: []
  m_SelectedVertices: 
--- !u!114 &8776843971322189787
MonoBehaviour:
  m_ObjectHideFlags: 0
  m_CorrespondingSourceObject: {fileID: 0}
  m_PrefabInstance: {fileID: 0}
  m_PrefabAsset: {fileID: 0}
  m_GameObject: {fileID: 8776843971322189777}
  m_Enabled: 1
  m_EditorHideFlags: 0
  m_Script: {fileID: 11500000, guid: 1ca002da428252441b92f28d83c8a65f, type: 3}
  m_Name: 
  m_EditorClassIdentifier: 
  m_Shape:
    rid: 7817755308485246982
  m_Size: {x: -1.4859676, y: 1.3470584, z: 0.8668585}
  m_Rotation: {x: 0, y: 0, z: 0, w: 1}
  m_PivotLocation: 1
  m_PivotPosition: {x: 0, y: 0, z: 0}
  m_UnmodifiedMeshVersion: 1471
  m_ShapeBox:
    m_Center: {x: -0.7429838, y: 0.67352927, z: 0.43342924}
    m_Extent: {x: -0.7429838, y: 0.6735292, z: 0.43342924}
  references:
    version: 2
    RefIds:
    - rid: 7817755308485246982
      type: {class: Cylinder, ns: UnityEngine.ProBuilder.Shapes, asm: Unity.ProBuilder}
      data:
        m_AxisDivisions: 6
        m_HeightCuts: 0
        m_Smooth: 1
--- !u!23 &8776843971322189788
MeshRenderer:
  m_ObjectHideFlags: 0
  m_CorrespondingSourceObject: {fileID: 0}
  m_PrefabInstance: {fileID: 0}
  m_PrefabAsset: {fileID: 0}
  m_GameObject: {fileID: 8776843971322189777}
  m_Enabled: 1
  m_CastShadows: 1
  m_ReceiveShadows: 1
  m_DynamicOccludee: 1
  m_StaticShadowCaster: 0
  m_MotionVectors: 1
  m_LightProbeUsage: 1
  m_ReflectionProbeUsage: 1
  m_RayTracingMode: 2
  m_RayTraceProcedural: 0
  m_RenderingLayerMask: 1
  m_RendererPriority: 0
  m_Materials:
  - {fileID: 2100000, guid: c3a03a95ee8f6dc4981e3c4dc7d0c696, type: 2}
  m_StaticBatchInfo:
    firstSubMesh: 0
    subMeshCount: 0
  m_StaticBatchRoot: {fileID: 0}
  m_ProbeAnchor: {fileID: 0}
  m_LightProbeVolumeOverride: {fileID: 0}
  m_ScaleInLightmap: 1
  m_ReceiveGI: 1
  m_PreserveUVs: 0
  m_IgnoreNormalsForChartDetection: 0
  m_ImportantGI: 0
  m_StitchLightmapSeams: 1
  m_SelectedEditorRenderState: 2
  m_MinimumChartSize: 4
  m_AutoUVMaxDistance: 0.5
  m_AutoUVMaxAngle: 89
  m_LightmapParameters: {fileID: 0}
  m_SortingLayerID: 0
  m_SortingLayer: 0
  m_SortingOrder: 0
  m_AdditionalVertexStreams: {fileID: 0}
--- !u!33 &8776843971322189789
MeshFilter:
  m_ObjectHideFlags: 0
  m_CorrespondingSourceObject: {fileID: 0}
  m_PrefabInstance: {fileID: 0}
  m_PrefabAsset: {fileID: 0}
  m_GameObject: {fileID: 8776843971322189777}
  m_Mesh: {fileID: 0}
--- !u!64 &8776843971322189790
MeshCollider:
  m_ObjectHideFlags: 0
  m_CorrespondingSourceObject: {fileID: 0}
  m_PrefabInstance: {fileID: 0}
  m_PrefabAsset: {fileID: 0}
  m_GameObject: {fileID: 8776843971322189777}
  m_Material: {fileID: 0}
  m_IsTrigger: 1
  m_Enabled: 1
  serializedVersion: 4
  m_Convex: 1
  m_CookingOptions: 30
  m_Mesh: {fileID: 0}
--- !u!65 &8776843971322189791
BoxCollider:
  m_ObjectHideFlags: 0
  m_CorrespondingSourceObject: {fileID: 0}
  m_PrefabInstance: {fileID: 0}
  m_PrefabAsset: {fileID: 0}
  m_GameObject: {fileID: 8776843971322189777}
  m_Material: {fileID: 0}
  m_IsTrigger: 1
  m_Enabled: 1
  serializedVersion: 2
  m_Size: {x: 1.4859678, y: 1.3470585, z: 0.7507214}
  m_Center: {x: -0.7429858, y: 9.41, z: 0.4334292}
--- !u!1 &8776843971865289308
GameObject:
  m_ObjectHideFlags: 0
  m_CorrespondingSourceObject: {fileID: 0}
  m_PrefabInstance: {fileID: 0}
  m_PrefabAsset: {fileID: 0}
  serializedVersion: 6
  m_Component:
  - component: {fileID: 8776843971865289307}
  m_Layer: 0
  m_Name: Plataforma(Stretchy)
  m_TagString: Untagged
  m_Icon: {fileID: 0}
  m_NavMeshLayer: 0
  m_StaticEditorFlags: 0
  m_IsActive: 1
--- !u!4 &8776843971865289307
Transform:
  m_ObjectHideFlags: 0
  m_CorrespondingSourceObject: {fileID: 0}
  m_PrefabInstance: {fileID: 0}
  m_PrefabAsset: {fileID: 0}
  m_GameObject: {fileID: 8776843971865289308}
  m_LocalRotation: {x: -0, y: -0, z: -0, w: 1}
  m_LocalPosition: {x: -1.7696877, y: 1.6216893, z: 0.21688461}
  m_LocalScale: {x: 0.44986862, y: 0.02580622, z: 0.6641}
  m_ConstrainProportionsScale: 0
  m_Children:
  - {fileID: 8776843971086802857}
  - {fileID: 8776843971322189776}
  - {fileID: 8776843972146725844}
  m_Father: {fileID: 0}
  m_RootOrder: 0
  m_LocalEulerAnglesHint: {x: 0, y: 0, z: 0}
--- !u!1 &8776843972146725845
GameObject:
  m_ObjectHideFlags: 0
  m_CorrespondingSourceObject: {fileID: 0}
  m_PrefabInstance: {fileID: 0}
  m_PrefabAsset: {fileID: 0}
  serializedVersion: 6
  m_Component:
  - component: {fileID: 8776843972146725844}
  - component: {fileID: 8776843972146725842}
  - component: {fileID: 8776843972146725843}
  m_Layer: 0
  m_Name: CheckPointStretchy
  m_TagString: Untagged
  m_Icon: {fileID: 0}
  m_NavMeshLayer: 0
  m_StaticEditorFlags: 0
  m_IsActive: 1
--- !u!4 &8776843972146725844
Transform:
  m_ObjectHideFlags: 0
  m_CorrespondingSourceObject: {fileID: 0}
  m_PrefabInstance: {fileID: 0}
  m_PrefabAsset: {fileID: 0}
  m_GameObject: {fileID: 8776843972146725845}
  m_LocalRotation: {x: -0, y: -0, z: -0, w: 1}
  m_LocalPosition: {x: 0.07170758, y: 10.224805, z: 0.30870485}
  m_LocalScale: {x: 1.1261345, y: 6.9085517, z: 0.8629441}
  m_ConstrainProportionsScale: 0
  m_Children: []
  m_Father: {fileID: 8776843971865289307}
  m_RootOrder: 2
  m_LocalEulerAnglesHint: {x: 0, y: 0, z: 0}
--- !u!65 &8776843972146725842
BoxCollider:
  m_ObjectHideFlags: 0
  m_CorrespondingSourceObject: {fileID: 0}
  m_PrefabInstance: {fileID: 0}
  m_PrefabAsset: {fileID: 0}
  m_GameObject: {fileID: 8776843972146725845}
  m_Material: {fileID: 0}
  m_IsTrigger: 1
  m_Enabled: 1
  serializedVersion: 2
  m_Size: {x: 1.2831852, y: 3.4176912, z: 1.070737}
  m_Center: {x: 0.13359392, y: 0.90092516, z: 0.03536863}
--- !u!114 &8776843972146725843
MonoBehaviour:
  m_ObjectHideFlags: 0
  m_CorrespondingSourceObject: {fileID: 0}
  m_PrefabInstance: {fileID: 0}
  m_PrefabAsset: {fileID: 0}
  m_GameObject: {fileID: 8776843972146725845}
  m_Enabled: 1
  m_EditorHideFlags: 0
  m_Script: {fileID: 11500000, guid: 310b1b19d541ce04dad341e562b9b0b9, type: 3}
  m_Name: 
  m_EditorClassIdentifier: 
  Heavy: {fileID: 0}
